<record><leader>00000cas a22000007a 4500</leader><controlfield tag="001">8784600</controlfield><controlfield tag="008">820917d18411844lauwr ne      0    0eng  </controlfield><controlfield tag="009">466</controlfield><datafield ind1=" " ind2=" " tag="010"><subfield code="a">sn 82014618 </subfield></datafield><datafield ind1=" " ind2=" " tag="040"><subfield code="a">DLC</subfield><subfield code="b">eng</subfield><subfield code="c">DLC</subfield><subfield code="d">LNP</subfield></datafield><datafield ind1="1" ind2=" " tag="029"><subfield code="a">AU@</subfield><subfield code="b">000025819926</subfield></datafield><datafield ind1="0" ind2=" " tag="041"><subfield code="a">engfre</subfield></datafield><datafield ind1=" " ind2=" " tag="042"><subfield code="a">msc</subfield></datafield><datafield ind1="0" ind2="0" tag="050"><subfield code="a">Newspaper 7946-X</subfield></datafield><datafield ind1="0" ind2="0" tag="245"><subfield code="a">Natchitoches reporter.</subfield></datafield><datafield ind1=" " ind2=" " tag="260"><subfield code="a">Natchitoches, La. :</subfield><subfield code="b">G. Hamilton, H.A. Kendall,</subfield></datafield><datafield ind1=" " ind2=" " tag="300"><subfield code="a">v. ;</subfield><subfield code="c">69 cm.</subfield></datafield><datafield ind1=" " ind2=" " tag="310"><subfield code="a">Weekly</subfield></datafield><datafield ind1="0" ind2=" " tag="362"><subfield code="a">Vol. 1, no. 1 (Jan. 27, 1841)-</subfield></datafield><datafield ind1="1" ind2=" " tag="362"><subfield code="a">Ceased in 1844.</subfield></datafield><datafield ind1=" " ind2=" " tag="546"><subfield code="a">In English with some notices in French, &lt;Jan. 27, 1841&gt;-&lt;Jan. 20, 1844&gt;.</subfield></datafield><datafield ind1=" " ind2=" " tag="752"><subfield code="a">United States</subfield><subfield code="b">Louisiana</subfield><subfield code="c">Natchitoches</subfield><subfield code="d">Natchitoches.</subfield></datafield><datafield ind1="0" ind2="0" tag="780"><subfield code="t">Constitutional advocate</subfield><subfield code="w">(DLC)sn 82006780</subfield></datafield><datafield ind1="0" ind2="0" tag="785"><subfield code="t">Natchitoches chronicle (Natchitoches, La. : 1844)</subfield><subfield code="w">(DLC)sn 85034335</subfield></datafield></record>